@Book{OpenCLProgrammingGuide,
  author       = {A. Munshi and B. Gaster},
  title        = {OpenCL Programming Guide},
  publisher    = {Addison-Wesley Professional},
  year         = {2011}
}

@Book{GameCodingComplete,
  author       = {Mike McShaffry and David Graham},
  title        = {Game Coding Complete},
  publisher    = {Cengage Learning PTR},
  year         = {2012}
}

@Article{GameCodingComplete,
  author       = {Mike McShaffry and David Graham},
  title        = {Game Coding Complete},
  publisher    = {Cengage Learning PTR},
  year         = {2012}
}

@Misc{CLPP,
  key          = {Library},
  title        = {CLPP - OpenCL Data Parallel Primitives Library},
  howpublished = {\url{https://code.google.com/p/clpp/}}
}

@Misc{SPHWebinar,
  key          = {Webinar},
  title        = {Smoothed particle hydrodynamics webinar by {AMD}},
  howpublished = {\url{https://www.youtube.com/watch?v=SQPCXzqH610}}
}

@Article{Lucy,
    author  = "L. B. Lucy",
    title   = "A numerical approach to the testing of the fission hypothesis",
    year    = "1977",
    journal = "Astron. J",
    volume  = "82",
    pages   = "1013–1024"
}

@Article{MonLat,
    author  = "J.J. Monaghan and J.C. Lattanzio",
    title   = "A Refined Method for Astrophysical Problems",
    year    = "1985",
    journal = "Astron. Astrophys.",
    volume  = "149",
    pages   = "135-143"
}

@Misc{Boryczko,
    author  = "dr hab. inż. Krzysztof Boryczko, prof. nadz.",
    title   = "Materiały prywatne"
 }

 @Article{Lombardi,
    author  = "Lombardi J.C",
    title   = "Tests of spurious transport in smoothed particle hydrodynamics",
    year    = "1999",
    journal = "Journal of Computational Physics",
    volume  = "152",
    pages   = "687-735"
}